<record><leader>00000cas a22000007a 4500</leader><controlfield tag="001">27119838</controlfield><controlfield tag="008">921214d19201921scuwr ne      0    0eng d</controlfield><datafield ind1=" " ind2=" " tag="010"><subfield code="a">sn 92065719 </subfield></datafield><datafield ind1=" " ind2=" " tag="040"><subfield code="a">SVN</subfield><subfield code="b">eng</subfield><subfield code="c">SVN</subfield><subfield code="d">OCLCQ</subfield></datafield><datafield ind1=" " ind2=" " tag="042"><subfield code="a">msc</subfield></datafield><datafield ind1="0" ind2="0" tag="245"><subfield code="a">Georgetown times-index.</subfield></datafield><datafield ind1=" " ind2=" " tag="260"><subfield code="a">Georgetown, S.C. :</subfield><subfield code="b">F.N. Beard</subfield></datafield><datafield ind1=" " ind2=" " tag="300"><subfield code="a">v.</subfield></datafield><datafield ind1=" " ind2=" " tag="310"><subfield code="a">Weekly,</subfield><subfield code="b">Nov. 19, 1920-Sept. 2, 1921</subfield></datafield><datafield ind1=" " ind2=" " tag="321"><subfield code="a">Weekly,</subfield><subfield code="b">Apr. 2 - July 30, 1920</subfield></datafield><datafield ind1=" " ind2=" " tag="321"><subfield code="a">Semiweekly,</subfield><subfield code="b">Aug. 3 - Nov. 5, 1920</subfield></datafield><datafield ind1="0" ind2=" " tag="362"><subfield code="a">Apr. 2, 1920 - v. 126, no. 38 (Sept. 2, 1921).</subfield></datafield><datafield ind1=" " ind2="4" tag="651"><subfield code="a">Georgetown County (S.C.)</subfield><subfield code="v">Newspapers.</subfield></datafield><datafield ind1=" " ind2=" " tag="752"><subfield code="a">United States</subfield><subfield code="b">South Carolina</subfield><subfield code="c">Georgetown</subfield><subfield code="d">Georgetown.</subfield></datafield><datafield ind1="0" ind2="4" tag="780"><subfield code="t">Georgetown index</subfield><subfield code="w">(DLC)sn 92065695</subfield></datafield><datafield ind1="0" ind2="4" tag="780"><subfield code="t">Georgetown times (Georgetown, S.C. : 1880)</subfield><subfield code="w">(DLC)sn 84026902</subfield></datafield><datafield ind1="0" ind2="0" tag="785"><subfield code="t">Georgetown times (Georgetown, S.C. : 1921)</subfield><subfield code="w">(DLC)sn 83003545</subfield></datafield><datafield ind1="1" ind2=" " tag="029"><subfield code="a">AU@</subfield><subfield code="b">000020718215</subfield></datafield></record>